  
@article{SULAIMANALSAGRI2020113435,
title = {Design and dynamic simulation of a photovoltaic thermal-organic Rankine cycle considering heat transfer between components},
journal = {Energy Conversion and Management},
volume = {225},
pages = {113435},
year = {2020},
issn = {0196-8904},
doi = {https://doi.org/10.1016/j.enconman.2020.113435},
url = {https://www.sciencedirect.com/science/article/pii/S0196890420309699},
author = {Ali {Sulaiman Alsagri}},
keywords = {Photovoltaic, PVT, Organic Rankine cycle, Parametric analysis, Heat transfer},
}


  
@article{ARTECONI20192225,
title = {Simulation analysis of an innovative micro-solar 2kWe Organic Rankine Cycle plant coupled with a multi-apartments building for domestic hot water supply},
journal = {Energy Procedia},
volume = {158},
pages = {2225-2230},
year = {2019},
note = {Innovative Solutions for Energy Transitions},
issn = {1876-6102},
doi = {https://doi.org/10.1016/j.egypro.2019.01.168},
url = {https://www.sciencedirect.com/science/article/pii/S187661021930178X},
author = {Alessia Arteconi and Luca Del Zotto and Roberto Tascioni and Khamid Mahkamov and Chris Underwood and Luisa F. Cabeza and Alvaro de Gracia and Piero Pili and André C. Mintsa and Carlo M. Bartolini and Toni Gimbernat and Teresa Botargues and Elvedin Halimic and Luca Cioccolanti},
keywords = {renewable energy, micro-combined heat, power plant, distributed energy system, DHW, dynamic simulations},
}
  
@article{ANTAR2021,
  title = {Biomass for a sustainable bioeconomy: An overview of world biomass production and utilization},
  journal = {Renewable and Sustainable Energy Reviews},
  volume = {139},
  pages = {110691},
  year = {2021},
  issn = {1364-0321},
  doi = {https://doi.org/10.1016/j.rser.2020.110691},
  url = {https://www.sciencedirect.com/science/article/pii/S1364032120309758},
  author = {Mohammed Antar and Dongmei Lyu and Mahtab Nazari and Ateeq Shah and Xiaomin Zhou and Donald L. Smith},
  keywords = {Biomass production, Bioeconomy, Biofuel, Renewable energy, Beneficial microorganism, Genome editing, Agronomic practices, Microbe-to-plant signal compounds},
}
  
@article{ren212022global,
  title={Global Status Report www. ren21. net},
  author={REN21, Renewables},
  journal={REN21},
  year={2022}
}
  
@article{prodesen,
  title={Plan nacional del sistema eléctrico nacional},
  year={2021},
  pages={20--69},
  author={Secretaría De Energía and Centro Nacional de Control de Energía}
}
  

@article{wba2021,
  author={WBA},
  title={Annual Report 2021},
  year={2022},
  url={https://www.worldbioenergy.org/annual-reports/},
  pages={7--12}
}

  
@article{irenahighlight2022,
  title={Renewable capacity highlights},
  author={IRENA},
  year={2022},
  pages={1--3},
  url={https://www.irena.org/-/media/Files/IRENA/Agency/Publication/2022/Apr/IRENA_-RE_Capacity_Highlights_2022.pdf?la=en\&hash=6122BF5666A36BECD5AAA2050B011ECE255B3BC7},
}
  
@article{irenareport2021,
  title={Renewable capacity statistics 2022},
  year={2022},
  pages={14--35},
  url={https://www.irena.org/publications/2022/Apr/Renewable-Capacity-Statistics-2022},
  author={International Renewable Energy Agency}
}

  
@article{valverdedesenvolvimento,
  title={DESENVOLVIMENTO DE UM APLICATIVO MOBILE PARA SIMULA{\c{C}}{\~A}O DE CICLOS RANKINE},
  author={Valverde, Clodoaldo and de Sousa, Priscila Batista and Gon{\c{c}}alves, Vin{\'\i}cius Gregory},
  year={2020}
}

  
@article{SHALABY2022416,
title = {Aspen Plus simulation of a low capacity organic Rankine cycle heated by solar energy},
journal = {Energy Reports},
volume = {8},
pages = {416-421},
year = {2022},
note = {2021 The 8th International Conference on Power and Energy Systems Engineering},
issn = {2352-4847},
doi = {https://doi.org/10.1016/j.egyr.2021.11.109},
url = {https://www.sciencedirect.com/science/article/pii/S2352484721012555},
author = {S.M. Shalaby and M.A. Gadalla and A.R. {El Sayed} and E.M. Meliha and H.F. Abosheiasha},
keywords = {ORC, Working fluids, Aspen Plus},
}
  

@article{ALVI2020114780,
title = {Modelling, simulation and comparison of phase change material storage based direct and indirect solar organic Rankine cycle systems},
journal = {Applied Thermal Engineering},
volume = {170},
pages = {114780},
year = {2020},
issn = {1359-4311},
doi = {https://doi.org/10.1016/j.applthermaleng.2019.114780},
url = {https://www.sciencedirect.com/science/article/pii/S1359431119321982},
author = {Jahan Zeb Alvi and Yongqiang Feng and Qian Wang and Muhammad Imran and Junaid Alvi},
keywords = {Organic Rankine cycle, Direct and indirect solar ORC system, Phase change material, Capacity factor, Thermodynamic, Comparison},
}
  
@article{CIOCCOLANTI20171629,
title = {Simulation analysis of an innovative micro-solar 2kWe Organic Rankine Cycle plant for residential applications},
journal = {Energy Procedia},
volume = {142},
pages = {1629-1634},
year = {2017},
note = {Proceedings of the 9th International Conference on Applied Energy},
issn = {1876-6102},
doi = {https://doi.org/10.1016/j.egypro.2017.12.541},
url = {https://www.sciencedirect.com/science/article/pii/S1876610217362975},
author = {Luca Cioccolanti and Roberto Tascioni and Alessia Arteconi},
keywords = {renewable energy, concentrated solar power, small scale ORC system, micro combined, power plant, dynamic simulations},
}

  
@article{jimenez2021simulacion,
  title={Simulaci{\'o}n de un ciclo t{\'e}rmico de vapor usando Visual Basic para aplicaciones},
  author={Jim{\'e}nez-Garc{\'i}a, Juan Antonio and Durán-Garc{\'i}a, Mar{\'\i}a Dolores},
  journal={RINDERESU},
  volume={5},
  number={1},
  year={2021}
}
  
@article{EPPINGER2021116650,
title = {Carnot battery: Simulation and design of a reversible heat pump-organic Rankine cycle pilot plant},
journal = {Applied Energy},
volume = {288},
pages = {116650},
year = {2021},
issn = {0306-2619},
doi = {https://doi.org/10.1016/j.apenergy.2021.116650},
url = {https://www.sciencedirect.com/science/article/pii/S0306261921001835},
author = {Bernd Eppinger and Daniel Steger and Christoph Regensburger and Jürgen Karl and Eberhard Schlücker and Stefan Will},
keywords = {Carnot battery, PTES, Process simulation, CAD, Reversible heat pump – organic Rankine cycle},
}
  
@article{GKIMISIS2020115523,
title = {Modelling and numerical simulation of a novel Pumpless Rankine Cycle (PRC)},
journal = {Applied Thermal Engineering},
volume = {178},
pages = {115523},
year = {2020},
issn = {1359-4311},
doi = {https://doi.org/10.1016/j.applthermaleng.2020.115523},
url = {https://www.sciencedirect.com/science/article/pii/S135431120330052},
author = {L. Gkimisis and N. Arapkoules and G. Vasileiou and A. Soldatos and V. Spitas},
keywords = {PRC, Waste heat recovery, Pumpless Rankine Cycle, Numerical modelling, Organic Rankine Cycle, Numerical simulation},
}
  

  
@article{KUBOTH201718,
title = {Iterative Approach for the Design of an Organic Rankine Cycle based on Thermodynamic Process Simulations and a Small-Scale Test Rig},
journal = {Energy Procedia},
volume = {129},
pages = {18-25},
year = {2017},
note = {4th International Seminar on ORC Power SystemsSeptember 13-15th 2017POLITECNICO DI MILANOBOVISA CAMPUSMILANO, ITALY},
issn = {1876-6102},
doi = {https://doi.org/10.1016/j.egypro.2017.09.167},
url = {https://www.sciencedirect.com/science/article/pii/S1876610217340407},
author = {Sebastian Kuboth and Marc Neubert and Markus Preißinger and Dieter Brüggemann},
keywords = {Organic Rankine Cycle, waste heat recovery, scroll expander, small scale},
}


  
@article{MOHAMMADKHANI2019329,
title = {A 0D model for diesel engine simulation and employing a transcritical dual loop Organic Rankine Cycle (ORC) for waste heat recovery from its exhaust and coolant: Thermodynamic and economic analysis},
journal = {Applied Thermal Engineering},
volume = {150},
pages = {329-347},
year = {2019},
issn = {1359-4311},
doi = {https://doi.org/10.1016/j.applthermaleng.2018.12.158},
url = {https://www.sciencedirect.com/science/article/pii/S1359431118343734},
author = {Farzad Mohammadkhani and Mortaza Yari},
keywords = {Diesel engine, Transcritical dual loop ORC, Zero-dimensional engine model, Waste heat recovery, Thermodynamic and economic analysis, Pinch point},
}

  
@article{MORADI201866,
title = {Thermodynamic simulation of a small-scale organic Rankine Cycle testing facility using R245fa},
journal = {Energy Procedia},
volume = {148},
pages = {66-73},
year = {2018},
note = {ATI 2018 - 73rd Conference of the Italian Thermal Machines Engineering Association},
issn = {1876-6102},
doi = {https://doi.org/10.1016/j.egypro.2018.08.020},
url = {https://www.sciencedirect.com/science/article/pii/S1876610218303059},
author = {Ramin Moradi and Roberto Tascioni and Emanuele Habib and Luca Cioccolanti and Mauro Villarini and Enrico Bocci},
keywords = {ORC unit, Simulation analysis, Scroll expander},
}


  
@article{NI20171274,
title = {Dynamic simulation and analysis of Organic Rankine Cycle system for waste recovery from diesel engine},
journal = {Energy Procedia},
volume = {142},
pages = {1274-1281},
year = {2017},
note = {Proceedings of the 9th International Conference on Applied Energy},
issn = {1876-6102},
doi = {https://doi.org/10.1016/j.egypro.2017.12.485},
url = {https://www.sciencedirect.com/science/article/pii/S1876610217362409},
author = {Jiaxin Ni and Zhi Wang and Li Zhao and Ying Zhang and Zhengtao Zhang and Minglu Ma and Shan lin},
keywords = {Organic Rankine cycle (ORC), waste heat recovery, dynamic performance, Diesel engine},
}
  
@article{PETROLLESE2020113307,
title = {Experimentally-validated models for the off-design simulation of a medium-size solar organic Rankine cycle unit},
journal = {Energy Conversion and Management},
volume = {224},
pages = {113307},
year = {2020},
issn = {0196-8904},
doi = {https://doi.org/10.1016/j.enconman.2020.113307},
url = {https://www.sciencedirect.com/science/article/pii/S0196890420308451},
author = {Mario Petrollese and Rémi Dickes and Vincent Lemort},
keywords = {Organic Rankine cycle, Off-design conditions, Modelling, Start-up phase, Experimental data, Operating condition},
}

  
@article{PILI2019619,
title = {Simulation of Organic Rankine Cycle – Quasi-steady state vs dynamic approach for optimal economic performance},
journal = {Energy},
volume = {167},
pages = {619-640},
year = {2019},
issn = {0360-5442},
doi = {https://doi.org/10.1016/j.energy.2018.10.166},
url = {https://www.sciencedirect.com/science/article/pii/S0360544218321637},
author = {Roberto Pili and Alessandro Romagnoli and Manuel Jiménez-Arreola and Hartmut Spliethoff and Christoph Wieland},
keywords = {Organic Rankine cycle, Waste heat recovery, Quasi-steady state, Dynamic, Simulations},
}
  
@article{XU2018776,
title = {Experimental and simulation study of a free piston expanderâ€“linear generator for small-scale organic Rankine cycle},
journal = {Energy},
volume = {161},
pages = {776-791},
year = {2018},
issn = {0360-5442},
doi = {https://doi.org/10.1016/j.energy.2018.07.171},
url = {https://www.sciencedirect.com/science/article/pii/S0360544218314683},
author = {Yonghong Xu and Liang Tong and Hongguang Zhang and Xiaochen Hou and Fubin Yang and Fei Yu and Yuxin Yang and Rong Liu and Yaming Tian and Tenglong Zhao},
keywords = {Waste heat recovery, Organic Rankine cycle, Free piston expander-linear generator, Motion characteristics, Output performance},
}
  
@article{wang1,
  author = {Wang, Yaxiong and Song, Jian and Chatzopoulou, Maria Anna and Sunny, Nixon and Simpson, Michael and Wang, Jiangfeng and Markides, Christos},
  year = {2021},
  month = {10},
  pages = {222-256},
  title = {A holistic thermoeconomic assessment of small-scale, distributed solar organic Rankine cycle (ORC) systems: Comprehensive comparison of configurations, component and working fluid selection},
  volume = {248},
  journal = {Energy Conversion and Management},
  doi = {10.1016/j.enconman.2021.114618}
}
  
@article{ccengel2006termodinamica,
  title={Termodinámica},
  author={{\c{C}}engel, Yunus A and others},
  year={2006},
  publisher={McGraw-Hill},
  pages={22--55,333,355,388}
}
  
@article{SHAWKI2015533,
title = {Analysis of earth-moving systems using discrete-event simulation},
journal = {Alexandria Engineering Journal},
volume = {54},
number = {3},
pages = {533-540},
year = {2015},
issn = {1110-0168},
doi = {https://doi.org/10.1016/j.aej.2015.03.034},
url = {https://www.sciencedirect.com/science/article/pii/S1110016815000514},
author = {K.M. Shawki and K. Kilani and M.A. Gomaa},
keywords = {Discrete, Earthwork, Arena, Simulation},
abstract = {Discrete-event simulation has been widely used technique in analyzing construction operations for the past three decades due to its great effect on optimizing cost and productivity. In this paper we will present Arena as a tool for simulating earthwork operations, the advantage of Arena is its easiness and flexibility in simulating most kinds of models in different areas of construction. A case study will be presented, a model will be built and results obtained to reveal the mentioned objectives.}
}
  
@article{yunus2004transferencia,
  title={Transferencia de calor},
  author={Yunus, Cengel},
  year={2004}
}
  
@book{ogata1987dinamica,
  title={Din{\'a}mica de sistemas},
  author={Ogata, Katsuhiko and Sanchez, Guillermo Lopez Portillo},
  year={1987},
  publisher={Prentice-Hall Hispanoamericana}
}
  
@book{zill2013ecuaciones,
  title={Ecuaciones diferenciales},
  author={Zill, Dennis G and Cullen, Michael R},
  year={2013},
  publisher={McGraw-Hill Interamericana}
}
  
@book{chang2013quimica,
  title={qu{\'\i}mica},
  author={Chang, Raymond and Goldsby, Kenneth A},
  year={2013},
  publisher={AMGH Editora}
}
  
@book{fritzonsim,
  title     = "Principles of Object-Oriented Modelling and simulation with Modelica 2.1",
  author    = "Fritzon, Peter",
  year      = 2003,
  publisher = "Wiley-IEEE Press",
  address   = "EUA"
}
  
@book{roberts1977basic,
  title={Basic principles of organic chemistry},
  author={Roberts, John D and Caserio, Marjorie C},
  year={1977},
  publisher={WA Benjamin, Inc.}
}
  

@article{sachin1,
    author={Sachin, Sadayapillai Kameswaran},
    title={A Comprehensive Outline of the Types of Simulation},
    journaltitle={International Research Journal of Engineering and Technology},
    volume={06},
    number={09},
    year={2019},
    pages={646--650}
}

  


@book{eriyagi1,
    title     = {A historical Approach to Entropy},  
    author    = {Yagi, Eri},
  year      = {2018},
  publisher = {Ery Yagi Institute for History Science},
  address   = {Japan},
  pages =  {255--355}
}
  
@article{roberts1,
    author={Roberts, Stephen D. and Pedgen, Dennis},
    title={The history of simulation modeling},
    journaltitle={Proceedings of the 2017 Winter Simulation Conference},
    volume={1},
    number={1},
    year={2017},
    pages={308--323}
}

  
@book{rajput2009engineering,
  title={Engineering thermodynamics: A computer approach (si units version)},
  author={Rajput, RK},
  year={2009},
  publisher={Jones \& Bartlett Publishers}
}
  
@book{averill1,
    author={Law, Averill M and Kelton, W. David},
    title={Simulation Modeling and Analysis},
    subtitle={N/A},
    year={1995},
    location={Texas, EUA},
    publisher={McGraw-Hill},
    pages={3--55}
}
    
@inproceedings{goldsman1,
    author = {Goldsman, David and Nance, Richard and Wilson, James},
    year = {2010},
    month = {01},
    pages = {310 - 313},
    title = {A brief history of simulation},
    journal = {Proceedings - Winter Simulation Conference},
    doi = {10.1109/WSC.2009.5429341}
}
  
@techreport{burghardt1984ingenieria,
  title={Ingenier{\'\i}a termodin{\'a}mica},
  author={Burghardt, M David},
  year={1984},
  institution={Harla M{\'e}xico}
}
  
@article{dominguezcalle1,
author = {Domínguez Calle, Efraín},
year = {2000},
month = {10},
pages = {33-38},
title = {PROTOCOLO PARA LA MODELACION MATEMATICA DE PROCESOS HIDROLOGICOS},
volume = {2},
journal = {Meteorología Colombiana}
}
  
@inproceedings{silvasimulac,
author = {Silva, Pedro and Trigo, Antonio and Varajão, João and Pinto, Tiago},
year = {2010},
month = {09},
pages = {429-434},
title = {Simulation - Concepts and Applications.},
doi = {10.1007/978-3-642-16324-1_51}
}
  
@book{shapirotermo,
  title     = "Fundamentos de termodinámica técnica",
  author    = "Moran, Michael J. and Shapiro, Howard N",
  year      = "2004",
  publisher = "Reverté",
  address   = "España"
}
      
@book{clau1,
  title     = "The mechanical theory of heat",
  author    = "Clausius, Rudolf",
  year      = 1855,
  publisher = "Harbard University",
  address   = "London"
} 

@article{wallexergy,
author = {Enrico, Sciubba and Wall, Göran},
year = {2007},
month = {03},
pages = {},
title = {A brief Commented History of Exergy From the Beginnings to 2004},
volume = {10},
journal = {International Journal of Thermodynamics},
doi = {10.5541/ijot.184}
}

@article{florescamacho1,
   title = {The concept of entropy, from its origins to teachers},
   journal = {Revista mexicana de fisica E},
   author={Flores Camacho, F. and Ulloa Lugo, N. and Covarrubias Martinez, H.},
   ISSN = {1870-3542},
   language = {en},
   URL = {http://www.scielo.org.mx/scielo.php?script=sci_arttext\&pid=S1870-35422015000200003\&nrm=iso},
   volume = {61},
   year = {2015},
   month = {12},
   pages = {69 - 80},
   publisher = {scielomx},
   }
